<?xml version="1.0" encoding="UTF-8"?><record xmlns="http://www.loc.gov/MARC21/slim" xmlns:cinclude="http://apache.org/cocoon/include/1.0" xmlns:zs="http://www.loc.gov/zing/srw/">
  <leader>00897cz  a2200217n  4500</leader>
  <controlfield tag="001">no 97074887 </controlfield>
  <controlfield tag="003">DLC</controlfield>
  <controlfield tag="005">20071117075056.0</controlfield>
  <controlfield tag="008">971218n| acannaab           |a aaa     c</controlfield>
  <datafield tag="010" ind1=" " ind2=" ">
    <subfield code="a">no 97074887 </subfield>
  </datafield>
  <datafield tag="035" ind1=" " ind2=" ">
    <subfield code="a">(OCoLC)oca04558954</subfield>
  </datafield>
  <datafield tag="040" ind1=" " ind2=" ">
    <subfield code="a">OCoLC</subfield>
    <subfield code="c">OCoLC</subfield>
    <subfield code="d">DLC</subfield>
  </datafield>
  <datafield tag="100" ind1="1" ind2=" ">
    <subfield code="a">Grofé, Ferde,</subfield>
    <subfield code="d">1892-1972.</subfield>
    <subfield code="t">Grand Canyon suite</subfield>
  </datafield>
  <datafield tag="400" ind1="1" ind2=" ">
    <subfield code="a">Grofé, Ferde,</subfield>
    <subfield code="d">1892-1972.</subfield>
    <subfield code="t">Grand Canyon</subfield>
  </datafield>
  <datafield tag="400" ind1="1" ind2=" ">
    <subfield code="a">Grofé, Ferde,</subfield>
    <subfield code="d">1892-1972.</subfield>
    <subfield code="t">Five pictures of the Grand Canyon</subfield>
  </datafield>
  <datafield tag="400" ind1="1" ind2=" ">
    <subfield code="a">Grofé, Ferde,</subfield>
    <subfield code="d">1892-1972.</subfield>
    <subfield code="t">5 pictures of the Grand Canyon</subfield>
  </datafield>
  <datafield tag="400" ind1="1" ind2=" ">
    <subfield code="a">Grofé, Ferde,</subfield>
    <subfield code="d">1892-1972.</subfield>
    <subfield code="t">Pictures of the Grand Canyon</subfield>
  </datafield>
  <datafield tag="667" ind1=" " ind2=" ">
    <subfield code="a">Machine-derived authority record.</subfield>
  </datafield>
  <datafield tag="670" ind1=" " ind2=" ">
    <subfield code="a">LCCN 82-762108: Tomita, I. Grand Canyon suite, p1982</subfield>
  </datafield>
  <datafield tag="670" ind1=" " ind2=" ">
    <subfield code="a">New Grove, 2nd ed.</subfield>
    <subfield code="b">(Grand Canyon suite; 1931)</subfield>
  </datafield>
  <datafield tag="670" ind1=" " ind2=" ">
    <subfield code="a">Ferde Grofé &amp; Gershwin [SR] p2006:</subfield>
    <subfield code="b">label (Grand canyon suite (Five pictures of the Grand Canyon))</subfield>
  </datafield>
</record>